<?xml version="1.0" encoding="UTF-8"?><record xmlns="http://www.loc.gov/MARC21/slim" xmlns:cinclude="http://apache.org/cocoon/include/1.0" xmlns:zs="http://www.loc.gov/zing/srw/">
  <leader>00459cz  a2200121n  4500</leader>
  <controlfield tag="001">n  98029913 </controlfield>
  <controlfield tag="003">DLC</controlfield>
  <controlfield tag="005">20000615094416.0</controlfield>
  <controlfield tag="008">980330n| acannaab           |n ana      </controlfield>
  <datafield tag="010" ind1=" " ind2=" ">
    <subfield code="a">n  98029913 </subfield>
  </datafield>
  <datafield tag="040" ind1=" " ind2=" ">
    <subfield code="a">DLC</subfield>
    <subfield code="c">DLC</subfield>
    <subfield code="d">DLC</subfield>
  </datafield>
  <datafield tag="110" ind1="2" ind2="0">
    <subfield code="a">Doslidnyt︠s︡ʹkyĭ t︠s︡entr istoriï ukraïnsʹkoï presy</subfield>
  </datafield>
  <datafield tag="670" ind1=" " ind2=" ">
    <subfield code="a">Periodychni vydanni︠a︡ Poltavy ta Poltavsʹkoï huberniï, 1996:</subfield>
    <subfield code="b">t.p. (Doslidnyt︠s︡ʹkyĭ t︠s︡entr istoriï ukraïnsʹkoï presy)</subfield>
  </datafield>
</record>